:20:ABN AMRO BANK NV
:25:112233445
:28:12345/1
:60F:C191031EUR123,45
:61:1911011101D12,34N247NONREF
:86:TRTP: SEPA INCASSO ALGEMEEN DOORLOPEND CSID: NL98XXXX1234567890 NAME: ABN AMRO BANK NV MARF: ST11122223333444455 REMI: TERMIJNBETAL ING MORE DETAILS IBAN: NL33XXXX1234567890 EREF: 1111222233334444
:62F:C191101EUR111,11
-
:20:ABN AMRO BANK NV
:25:112233445
:28:12345/1
:60F:C191031EUR123,45
:61:1911011101D12,34N247NONREF
:86:TRTP: SEPA INCASSO ALGEMEEN DOORLOPEND CSID: NL98XXXX1234567890 NAME: ABN AMRO BANK NV MARF: ST11122223333444455 REMI: TERMIJNBETAL ING MORE DETAILS IBAN: NL33XXXX1234567890 EREF: 1111222233334444
:62F:C191101EUR111,11
-
